<?xml version="1.0" encoding="UTF-8"?><collection xmlns="http://www.loc.gov/MARC21/slim"><record><leader>00504nam--2200181-i-4500</leader><controlfield tag="001">000025929</controlfield><controlfield tag="002">20161230</controlfield><controlfield tag="005">20170121235319</controlfield><controlfield tag="008">060222s1000------------r-----000-0-fre-d</controlfield><datafield ind1=" " ind2=" " tag="040"><subfield code="a">IFIN-HH</subfield></datafield><datafield ind1=" " ind2=" " tag="041"><subfield code="a">fre</subfield></datafield><datafield ind1=" " ind2=" " tag="080"><subfield code="a">541.15</subfield></datafield><datafield ind1="1" ind2=" " tag="100"><subfield code="a">Joliot-Curie, Irene</subfield></datafield><datafield ind1="1" ind2="0" tag="245"><subfield code="a">Les radioelements naturels. Proprietes chimiques preparation-dosage</subfield><subfield code="c">Irene Joliot-Curie</subfield></datafield><datafield ind1=" " ind2=" " tag="260"><subfield code="a">Paris</subfield><subfield code="b">Hermann Et Cie, Editeurs</subfield><subfield code="c">1946</subfield></datafield><datafield ind1=" " ind2=" " tag="300"><subfield code="a">191 p.+1 tab</subfield></datafield><datafield ind1=" " ind2=" " tag="852"><subfield code="a">10686</subfield><subfield code="c">H.H</subfield></datafield><datafield ind1=" " ind2=" " tag="CAT"><subfield code="a">SYS</subfield><subfield code="c">20170121</subfield><subfield code="h">235319</subfield></datafield></record></collection>